@book{chandrasekhar1958introduction,
  title={An introduction to the study of stellar structure},
  author={Chandrasekhar, Subrahmanyan},
  pages={40},
  year={1958},
  publisher={Dover publications}
}
@article{huang1987statistical,
  title={Statistical mechanics},
  author={Huang, Kerson},
  year={1987},
  publisher={Wiley}
}
@article{zemansky1996heat,
  title={Heat and thermodynamics},
  author={Zemansky, Mark Waldo and Dittman, Richard H},
  year={1981},
  pages={368},
  edition={6th},
  publisher={McGraw-Hill Science/Engineering/Math}
}
@book{smith1891elementary,
  title={An Elementary Treatise on Solid Geometry},
  author={Smith, Charles},
  year={1891},
  pages={224},
  publisher={Macmillan}
}
@book{besant1877treatise,
  title={A treatise on hydromechanics, volume 1},
  author={Besant, William Henry and Ramsey, Arthur Stanley},
  year={2004},
  edition={reprinted Indian edition},
  pages={99, 100},
  publisher={CBS Publishers and Distributors}
}
@article{vella2005cheerios,
  title={The “cheerios effect”},
  author={Vella, Dominic and Mahadevan, L},
  journal={American journal of physics},
  volume={73},
  number={9},
  pages={817--825},
  year={2005},
  publisher={American Association of Physics Teachers}
}
@book{spencer2004continuum,
  title={Continuum mechanics},
  author={Spencer, Anthony James Merrill},
  year={1980},
  publisher={Dover publications}
}
@book{griffiths1999introduction,
  title={Introduction to electrodynamics},
  author={Griffiths, David Jeffrey},
  year={1999},
  publisher={prentice Hall Upper Saddle River, NJ}
}
@book{bagchi2012molecular,
  title={Molecular relaxation in liquids},
  author={Bagchi, Biman},
  year={2012},
  pages={20},
  publisher={OUP USA}
}
@article{jeffreys1961cartesian,
  title={Cartesian tensors},
  author={Jeffreys, Harold},
  year={1961},
  publisher={Cambridge University Press}
}
@book{arfken1999mathematical,
  title={Mathematical methods for physicists},
  author={Arfken, George B and Weber, Hans J},
  year={1999},
  publisher={AAPT}
}
