@article{touchette2005legendre,
  title={Legendre-Fenchel transforms in a nutshell},
  author={Touchette, Hugo},
  journal={URL http://www. maths. qmul. ac. uk/\~{} ht/archive/lfth2. pdf},
  year={2005}
}
