@inproceedings{renyi1961measures,
  title={On measures of entropy and information},
  author={R{\'e}nyi, Alfr{\'e}d and others},
  booktitle={Proceedings of the Fourth Berkeley Symposium on Mathematical 
             Statistics and Probability, Volume 1: Contributions to the Theory 
             of Statistics},
  year={1961},
  organization={The Regents of the University of California}
}
@article{pathria32statistical,
  title={Statistical mechanics, 1996},
  author={Pathria, RK and Beale, Paul D},
  journal={Butter worth},
  volume={32}
}
@ARTICLE{shannon1948,
  author={C. E. {Shannon}},
  journal={The Bell System Technical Journal}, 
  title={A mathematical theory of communication}, 
  year={1948},
  volume={27},
  number={3},
  pages={379-423},
  doi={10.1002/j.1538-7305.1948.tb01338.x}
}
