@article{heisenberg1925quantum,
  title={Quantum-theoretical re-interpretation of kinematic and mechanical 
         relations},
  author={Heisenberg, Werner},
  journal={Z. Phys},
  volume={33},
  pages={879--893},
  year={1925}
}
@article{aitchison2004understanding,
  title={Understanding Heisenberg’s “magical” paper of {July} 1925: A new look 
         at the calculational details},
  author={Aitchison, Ian JR and MacManus, David A and Snyder, Thomas M},
  journal={American Journal of Physics},
  volume={72},
  number={11},
  pages={1370--1379},
  year={2004},
  publisher={American Association of Physics Teachers}
}
@book{heisenberg1949physical,
  title={The physical principles of the quantum theory},
  author={Heisenberg, Werner},
  year={1949},
  publisher={Dover Publications, Inc}
}
@article{dirac1925fundamental,
  title={The fundamental equations of quantum mechanics},
  author={Dirac, Paul Adrien Maurice},
  journal={'Proceedings of the Royal Society of London. Series A, Containing 
           Papers of a Mathematical and Physical Character'},
  volume={109},
  number={752},
  pages={642--653},
  year={1925},
  publisher={The Royal Society London}
}
