\nocite{*}
@book{sakurai2011modern,
  title="Modern Quantum Mechanics",
  author="Sakurai, JJ",
  publisher="Pearson Education (Singapore) Pte. Ltd.",
  address="Delhi, India",
  year="2002"
}
@book{wolfram1,
  title="Infinitesimal Rotation, From MathWorld--A Wolfram Web Resource",
  author="Weisstein, Eric W.",
  howpublished="https://mathworld.wolfram.com/InfinitesimalRotation.html"
}
