@book{rc,
title = {Classical Mechanics},
author = {Rana, N. C. and Joag, P. S.},
year = {1991},
publisher = {Tata McGraw Hill}
}
@book{goldstein2002classical,
  title={Classical Mechanics},
  author={Goldstein, Herbert and Poole, Charles and Safko, John},
  year={2002},
  publisher={American Association of Physics Teachers}
}
@book{akr,
	title={Classial Mechanics - A course of lectures},
	author={Raychaudhuri, A. K.},
	year={1983},
	publisher={Oxford University Press, Calcutta}
}
