\nocite{*}
@book{mukunda2010lectures,
  title={Lectures on advanced mathematical methods for physicists},
  author={Mukunda, N and Mukhi, Sunil},
  year={2010},
  publisher={World Scientific}
}
